@book{HP5e,
	author={John L Hennessy and David A Patterson},
	title={Computer Architecture: A Quantitative Approach},
	series={The Morgan Kaufmann Series in Computer Architecture and Design},
	edition=5,
	publisher={Morgan Kaufmann},
	address={San Francisco, CA},
	isbn={012383872X,9780123838728},
	year={2011},
	url={http://booksite.elsevier.com/9780123838728},
}
